@misc{fred_effr,
  author = {{Federal Reserve Bank of New York}},
  year = {2025},
  title = {{Effective Federal Funds Rate [EFFR]}},
  howpublished = {Retrieved from FRED, Federal Reserve Bank of St. Louis},
  note = {https://fred.stlouisfed.org/series/EFFR (accessed March 23, 2025)}
}

@article{gite2021,
  author = {Gite, Shilpa and Khatavkar, Hrituja and Kotecha, Ketan and Srivastava, Shilpi and Maheshwari, Priyam and Pandey, Neerav},
  title = {Explainable Stock Prices Prediction from Financial News Articles Using Sentiment Analysis},
  journal = {PeerJ. Computer Science},
  volume = {7},
  year = {2021},
  pages = {1--21},
  doi = {10.7717/PEERJ-CS.340}
}

@article{xiaodong2014,
  author = {Li, Xiaodong and Xie, Haoran and Chen, Li and Wang, Jianping and Deng, Xiaotie},
  title = {News Impact on Stock Price Return via Sentiment Analysis},
  journal = {Knowledge-Based Systems},
  volume = {69},
  number = {1},
  year = {2014},
  pages = {14--23},
  doi = {10.1016/j.knosys.2014.04.022}
}

@article{loughran2011,
  author = {Loughran, Tim and McDonald, Bill},
  title = {When Is a Liability Not a Liability? Textual Analysis, Dictionaries, and 10‐Ks},
  journal = {The Journal of Finance},
  volume = {66},
  number = {1},
  year = {2011},
  pages = {35--65},
  doi = {10.1111/j.1540-6261.2010.01625.x}
}

@misc{quantmod2020,
  author = {Ryan, Jeffrey A.},
  title = {Quantmod: Quantitative Financial Modelling Framework},
  year = {2020},
  note = {R package version 0.4-17}
}

@misc{kaggle2025,
  author = {Singh, Aryan},
  title = {Nyt Articles: 2.1M+ (2000-Present) Daily Updated},
  howpublished = {Kaggle},
  year = {2025},
  note = {https://www.kaggle.com/datasets/aryansingh0909/nyt-articles-21m-2000-present}
}

@misc{fred_cpi,
  author = {{U.S. Bureau of Labor Statistics}},
  year = {2025},
  title = {{Consumer Price Index for All Urban Consumers: All Items in U.S. City Average [CPIAUCSL]}},
  howpublished = {Retrieved from FRED, Federal Reserve Bank of St. Louis},
  note = {https://fred.stlouisfed.org/series/CPIAUCSL (accessed March 23, 2025)}
}

@misc{fred_unrate,
  author = {{U.S. Bureau of Labor Statistics}},
  year = {2025},
  title = {{Unemployment Rate [UNRATE]}},
  howpublished = {Retrieved from FRED, Federal Reserve Bank of St. Louis},
  note = {https://fred.stlouisfed.org/series/UNRATE (accessed March 23, 2025)}
}

@article{silge2016,
  author = {Silge, Julia and Robinson, David},
  title = {Tidytext: Text Mining and Analysis Using Tidy Data Principles in R},
  journal = {The Journal of Open Source Software},
  volume = {1},
  number = {3},
  pages = {37},
  year = {2016},
  doi = {10.21105/joss.00037}
}

@article{xiao2023,
  author = {Xiao, Qianyi and Ihnaini, Baha},
  title = {Stock Trend Prediction Using Sentiment Analysis},
  journal = {PeerJ. Computer Science},
  volume = {9},
  pages = {e1293--e1293},
  year = {2023},
  doi = {10.7717/PEERJ-CS.1293}
}

@article{zeileis2005,
  title = {zoo: S3 Infrastructure for Regular and Irregular Time Series},
  author = {Achim Zeileis and Gabor Grothendieck},
  journal = {Journal of Statistical Software},
  year = {2005},
  volume = {14},
  number = {6},
  pages = {1--27},
  doi = {10.18637/jss.v014.i06}
}

@article{tetlock2007giving,
  title={Giving content to investor sentiment: The role of media in the stock market},
  author={Tetlock, Paul C.},
  journal={The Journal of Finance},
  volume={62},
  number={3},
  pages={1139--1168},
  year={2007},
  publisher={Wiley},
  doi={10.1111/j.1540-6261.2007.01232.x}
}

@article{cristescu2023wavelet,
  author = {Cristescu, Marian Pompiliu and Mara, Dumitru Alexandru and Nerișanu, Raluca Andreea and Culda, Lia Cornelia and Maniu, Ionela},
  title = {Analyzing the Impact of Financial News Sentiments on Stock Prices—a Wavelet Correlation},
  journal = {Mathematics},
  volume = {11},
  number = {23},
  pages = {4830},
  year = {2023},
  doi = {10.3390/math11234830},
  publisher = {MDPI}
}

@article{fazlija2022bert,
  author = {Fazlija, Bledar and Harder, Pedro},
  title = {Using Financial News Sentiment for Stock Price Direction Prediction},
  journal = {Mathematics},
  volume = {10},
  number = {13},
  pages = {2156},
  year = {2022},
  doi = {10.3390/math10132156},
  publisher = {MDPI}
}

@INPROCEEDINGS{patil2024sentiment,
  author={Patil, Aditya and Sharma, Himaanshu and Sinha, Aditya},
  booktitle={2024 2nd World Conference on Communication & Computing (WCONF)}, 
  title={Sentiment Analysis of Financial News and its Impact on the Stock Market}, 
  year={2024},
  volume={},
  number={},
  pages={1-5},
  keywords={Training;Sentiment analysis;Technological innovation;Accuracy;Social networking (online);Computational modeling;Data models;Indexes;Stock markets;Long short term memory;Sentiment Analysis;Web Scraping;Machine Learning;Lemmatization;Stock Market;ARIMA;LSTM},
  doi={10.1109/WCONF61366.2024.10692068}}


@article{engelberg2011causal,
  author  = {Engelberg, Joseph and Parsons, Christopher A.},
  title   = {The Causal Impact of Media in Financial Markets},
  journal = {The Journal of Finance},
  volume  = {66},
  number  = {1},
  pages   = {67--97},
  year    = {2011},
  doi     = {10.1111/j.1540-6261.2010.01626.x}
}

@article{dougal2012journalists,
  title={Journalists and the stock market},
  author={Dougal, Casey and Engelberg, Joseph and Garcia, Diego and Parsons, Christopher A},
  journal={The Review of Financial Studies},
  volume={25},
  number={3},
  pages={639--679},
  year={2012},
  publisher={Oxford University Press},
  doi={10.1093/rfs/hhr132}
}

@article{garcia2018nyt,
  title={Correlations and flow of information between the New York Times and stock markets},
  author={Garc{\'i}a-Medina, Andr{\'e}s and Sandoval Junior, Leonidas and Urrutia B{\'a}{\~n}uelos, Efra{\'i}n and Mart{\'i}nez-Arg{\"u}ello, A.M.},
  journal={Physica A: Statistical Mechanics and its Applications},
  volume={502},
  pages={403--415},
  year={2018},
  publisher={Elsevier},
  doi={10.1016/j.physa.2018.02.154}
}

@Manual{R,
  title = {R: A Language and Environment for Statistical Computing},
  author = {{R Core Team}},
  organization = {R Foundation for Statistical Computing},
  address = {Vienna, Austria},
  year = {2022},
  url = {https://www.R-project.org/},
}

@article{chen2014wisdom,
  title={Wisdom of crowds: The value of stock opinions transmitted through social media},
  author={Chen, Hailiang and De, Prabuddha and Hu, Yu Jeffrey and Hwang, Byoung-Hyoun},
  journal={The Review of Financial Studies},
  volume={27},
  number={5},
  pages={1367--1403},
  year={2014},
  publisher={Oxford University Press},
  doi={10.1093/rfs/hhu001}
}

@article{fama1990,
  author = {Fama, Eugene F.},
  title = {Stock Returns, Expected Returns, and Real Activity},
  journal = {Journal of Finance},
  volume = {45},
  number = {4},
  pages = {1089--1108},
  year = {1990},
  doi = {10.2307/2328716}
}

@article{barber2008all,
  title={All That Glitters: The Effect of Attention and News on the Buying Behavior of Individual and Institutional Investors},
  author={Barber, Brad M. and Odean, Terrance},
  journal={Review of Financial Studies},
  volume={21},
  number={2},
  pages={785--818},
  year={2008},
  publisher={Oxford University Press}
}

